@article{sun_ea,
  title={进化算法的发展与应用},
  author={宋晓峰 and 亢金龙 and 王宏},
  journal={现代电子技术},
  volume={29},
  number={20},
  pages={66-68},
  year={2006},
}
@phdthesis{wiegand2003analysis,
  title={An analysis of cooperative coevolutionary algorithms},
  author={Wiegand, R Paul},
  year={2003},
  school={Citeseer}
}
@article{hillis1990co,
  title={Co-evolving parasites improve simulated evolution as an optimization procedure},
  author={Hillis, W Daniel},
  journal={Physica D: Nonlinear Phenomena},
  volume={42},
  number={1-3},
  pages={228--234},
  year={1990},
  publisher={Elsevier}
}
@inproceedings{rosin1995methods,
  title={Methods for Competitive Co-Evolution: Finding Opponents Worth Beating.},
  author={Rosin, Christopher D and Belew, Richard K},
  booktitle={ICGA},
  pages={373--381},
  year={1995}
}
@article{pollack1998co,
  title={Co-evolution in the successful learning of backgammon strategy},
  author={Pollack, Jordan B and Blair, Alan D},
  journal={Machine learning},
  volume={32},
  number={3},
  pages={225--240},
  year={1998},
  publisher={Springer}
}
@inproceedings{potter1994cooperative,
  title={A cooperative coevolutionary approach to function optimization},
  author={Potter, Mitchell A and De Jong, Kenneth A},
  booktitle={International Conference on Parallel Problem Solving from Nature},
  pages={249--257},
  year={1994},
  organization={Springer}
}
@article{li,
  title={协同进化在遗传算法中的应用述评},
  author={李碧 and 林土胜},
  journal={计算机科学},
  volume={36},
  number={4},
  pages={34-37},
  year={2009},
}