@article{yao1997new,
  title={A new evolutionary system for evolving artificial neural networks},
  author={Yao, Xin and Liu, Yong},
  journal={IEEE transactions on neural networks},
  volume={8},
  number={3},
  pages={694--713},
  year={1997},
  publisher={IEEE}
}

@article{sebald1994minimax,
  title={Minimax design of neural net controllers for highly uncertain plants},
  author={Sebald, Anthony V and Schlenzig, Jennifer},
  journal={IEEE Transactions on Neural Networks},
  volume={5},
  number={1},
  pages={73--82},
  year={1994},
  publisher={IEEE}
}

@article{bornholdt1992general,
  title={General asymmetric neural networks and structure design by genetic algorithms},
  author={Bornholdt, Stefan and Graudenz, Dirk},
  journal={Neural networks},
  volume={5},
  number={2},
  pages={327--334},
  year={1992},
  publisher={Elsevier}
}

@article{lee2004evolutionary,
  title={Evolutionary programming using mutations based on the L{\'e}vy probability distribution},
  author={Lee, Chang-Yong and Yao, Xin},
  journal={IEEE Transactions on Evolutionary Computation},
  volume={8},
  number={1},
  pages={1--13},
  year={2004},
  publisher={IEEE}
}

@inproceedings{tongchim2004parallel,
  title={Parallel evolutionary programming},
  author={Tongchim, Shisanu and Yao, Xin},
  booktitle={Evolutionary Computation, 2004. CEC2004. Congress on},
  volume={2},
  pages={1362--1367},
  year={2004},
  organization={IEEE}
}

@article{wang2006novel,
  title={A novel Bi-group evolutionary programming},
  author={Wang, X and Xiang, Dong and Jiang, Tao and Lin, Chun-Sheng and Gong, Shen-Guang and Fang, Xing},
  journal={CHINESE JOURNAL OF COMPUTERS-CHINESE EDITION-},
  volume={29},
  number={5},
  pages={835},
  year={2006},
  publisher={SCIENCE PRESS}
}
