@inproceedings{klockgether1970two,
  title={Two-phase nozzle and hollow core jet experiments},
  author={Klockgether, Jurgen and Schwefel, Hans-Paul},
  booktitle={Proc. 11th Symp. Engineering Aspects of Magnetohydrodynamics},
  pages={141--148},
  year={1970},
  organization={Pasadena, CA: California Institute of Technology}
}
@article{fogel1966artificial,
  title={Artificial intelligence through simulated evolution},
  author={Fogel, Lawrence J and Owens, Alvin J and Walsh, Michael J},
  year={1966},
  publisher={John Wiley}
}
@techreport{holland1987genetic,
  title={Genetic algorithms and classifier systems: foundations and future directions},
  author={Holland, John H},
  year={1987},
  institution={Michigan Univ., Ann Arbor (USA)}
}
